<record><leader>00000cas a22000007a 4500</leader><controlfield tag="001">21479842</controlfield><controlfield tag="008">900504c19829999couwr ne      0    0eng d</controlfield><datafield ind1=" " ind2=" " tag="010"><subfield code="a">sn 90051319 </subfield></datafield><datafield ind1=" " ind2=" " tag="040"><subfield code="a">CNQ</subfield><subfield code="b">eng</subfield><subfield code="c">CNQ</subfield><subfield code="d">OCLCQ</subfield></datafield><datafield ind1="1" ind2=" " tag="029"><subfield code="a">AU@</subfield><subfield code="b">000046357442</subfield></datafield><datafield ind1="1" ind2=" " tag="029"><subfield code="a">NZ1</subfield><subfield code="b">16076298</subfield></datafield><datafield ind1=" " ind2=" " tag="042"><subfield code="a">msc</subfield></datafield><datafield ind1="0" ind2="0" tag="245"><subfield code="a">Brush-Morgan County news-tribune.</subfield></datafield><datafield ind1=" " ind2=" " tag="260"><subfield code="a">Brush, Colo. :</subfield><subfield code="b">James Bzdeck</subfield></datafield><datafield ind1=" " ind2=" " tag="300"><subfield code="a">v.</subfield></datafield><datafield ind1=" " ind2=" " tag="310"><subfield code="a">Weekly</subfield></datafield><datafield ind1="0" ind2=" " tag="362"><subfield code="a">Vol. 88, no. 9 (Mar. 3, 1982)-</subfield></datafield><datafield ind1=" " ind2=" " tag="530"><subfield code="a">Available on microfilm from the Colorado Historical Society.</subfield></datafield><datafield ind1=" " ind2=" " tag="752"><subfield code="a">United States</subfield><subfield code="b">Colorado</subfield><subfield code="c">Morgan</subfield><subfield code="d">Brush.</subfield></datafield><datafield ind1="1" ind2=" " tag="777"><subfield code="t">Brush country</subfield><subfield code="w">(DLC)sn 79008015</subfield></datafield><datafield ind1="0" ind2="0" tag="780"><subfield code="t">Brush news-tribune</subfield><subfield code="w">(DLC)sn 90051321</subfield></datafield></record>